@book{Adriaens2011,
address = {Brussel},
author = {Adriaens, D and Westra, T and Onkelinx, T and Louette, G and Bauwens, D and Waterinckx, M and Quataert, P},
institution = {Instituut voor Natuur- en Bosonderzoek (INBO)},
keywords = {Natura 2000,bmkADM{\_}PublicatiesDoorBMK,bmkCTX{\_}BeleidsgerichteMeetnetten,bmkOntwerpMeetnetten,bmkPublicaties},
mendeley-tags = {bmkADM{\_}PublicatiesDoorBMK,bmkCTX{\_}BeleidsgerichteMeetnetten},
number = {INBO.R.2011.27},
publisher = {Instituut voor Natuur- en Bosonderzoek (INBO)},
series = {Rapporten van het Instituut voor Natuur- en Bosonderzoek},
title = {{Monitoring Natura 2000-soorten Fase I: Prioritering van de informatiebehoefte}},
year = {2011}
}
@book{DeSaeger2018,
address = {Brussel},
author = {{De Saeger}, Steven and Guelinckx, Robin and Oosterlynck, Patrik and {De Bruyn}, Adinda and Debusschere, Klaas and Dhaluin, Pieter and Erens, R{\'{e}}mar and Hendrickx, Pieter and Hendrix, Roy and Hennebel, Dirk and Jacobs, Indra and Kumpen, Myriam and {Op De Beeck}, Jorgen and Ruymen, Jan and Spanhove, Toon and Tamsyn, Ward and {Van Oost}, Frank and {Van Dam}, Guy and {Van Hove}, Martine and Wils, Carine and Paelinckx, Desir{\'{e}}},
doi = {10.21436/inbor.15138099},
number = {71},
publisher = {Instituut voor Natuur- en Bosonderzoek (INBO)},
series = {Rapporten van het Instituut voor Natuur- en Bosonderzoek},
title = {{Biologische Waarderingskaart en Natura 2000 Habitatkaart: Uitgave 2018}},
year = {2018}
}
@book{INBO2016a,
address = {Brussel},
author = {INBO},
institution = {Instituut voor Natuur- en Bosonderzoek},
publisher = {Instituut voor Natuur- en Bosonderzoek (INBO)},
title = {{Klassieke vegetatieopname in een proefvlak aan de hand van visuele inschattingen van bedekking van soorten in (semi-)terrestrische vegetatie (versie 1.0). Standaard Veldprotocol SVP-401.}},
year = {2016}
}
@book{INBO2017,
address = {Brussel},
author = {INBO},
institution = {Instituut voor Natuur- en Bosonderzoek},
publisher = {Instituut voor Natuur- en Bosonderzoek (INBO)},
title = {{Vegetatieopname en LSVI-bepaling habitat 3260. Standaard Veldprotocol SVP-403.}},
year = {2017}
}
@book{INBO2017b,
address = {Brussel},
author = {INBO},
publisher = {Instituut voor Natuur en Bosonderzoek (INBO)},
title = {{Vegetatie-opname met behulp van de beheermonitoringschaal. Standaard veldprotocol SVP-405.}},
year = {2017}
}
@book{Leyssen2018,
address = {Brussel},
author = {Leyssen, An and Denys, Luc and {De Saeger}, Steven},
publisher = {Instituut voor Natuur en Bosonderzoek (INBO)},
title = {{Indicatieve situering van het Natura 2000 habitattype 3260. Submontane en laaglandrivieren met vegetaties behorend tot het Ranunculion fluitantis en het Callitricho-Batrachion. Uitgave 2018 (versie 1.6)}},
year = {2018}
}
@manual{Lommelen2019,
annote = {R package version 0.0.0.9001},
author = {Lommelen, Els and Oosterlynck, Patrik and {Van Spaendonk}, Gert and {Van Calster}, Hans and {Van Hove}, Martine and Westra, Toon},
title = {{LSVI: Rekenmodule Lokale Staat Van Instandhouding van habitattypen}},
url = {https://github.com/inbo/LSVI},
year = {2019}
}
@misc{Lumley2019,
author = {Lumley, Thomas},
title = {{survey: Analysis of Complex Survey Samples}},
url = {http://r-survey.r-forge.r-project.org/survey/},
year = {2019}
}
@book{Oosterlynck2018,
address = {Brussel},
author = {Oosterlynck, Patrik and {De Saeger}, Steven and Leyssen, An and Provoost, Sam and Thomaes, Arno and Vandevoorde, Bart and Wouters, Jan and Paelinckx, Desir{\'{e}}},
number = {INBO.R.2018, niet gepubliceerd},
publisher = {Instituut voor Natuur en Bosonderzoek (INBO)},
title = {{Criteria voor de beoordeling van de lokale staat van instandhouding van de Natura 2000 habitattypen in Vlaanderen. Basisinstrumentarium ter bepaling van de mate van instandhouding van habitatlocaties a.d.h.v. indicatoren voor structuur, vegetatieontwikkel}},
year = {2018}
}
@book{Paelinckx2019,
address = {Brussel},
author = {Paelinckx, Desir{\'{e}} and {De Saeger}, Steven and Oosterlynck, Patrik and {Vanden Borre}, Jeroen and Westra, Toon and Denys, Luc and Leyssen, An and Provoost, Sam and Thomaes, Arno and Vandevoorde, Bart and Spanhove, Toon},
doi = {10.21436/inbor.16122667},
institution = {Instituut voor Natuur- en Bosonderzoek},
number = {13},
publisher = {Instituut voor Natuur- en Bosonderzoek (INBO)},
series = {Rapporten van het Instituut voor Natuur- en Bosonderzoek},
title = {{Regionale staat van instandhouding voor de habitattypen van de Habitatrichtlijn: Rapportageperiode 2013 - 2019}},
year = {2019}
}
@book{Provoost2015,
address = {Brussel},
author = {Provoost, Sam and {Van Gompel}, Wouter and Vercruysse, Edward and Packet, Jo and Denys, Luc},
number = {INBO.R.2015.8890955},
publisher = {Instituut voor Natuur- en Bosonderzoek (INBO)},
series = {Rapporten van het Instituut voor Natuur- en Bosonderzoek},
title = {{Permanente Inventarisatie van de Natuurreservaten aan de Kust, PINK II: eindrapport periode 2012-2014}},
year = {2015}
}
@book{TJollyn2009,
address = {Brussel},
author = {T'Jollyn, Filiep and Bosch, Hans and Demolder, Heidi and {De Saeger}, Steven and Leyssen, An and Thomaes, Arno and Wouters, Jan and Paelinckx, Desir{\'{e}} and Hoffmann, Maurice},
number = {INBO.R.2009.46},
publisher = {Instituut voor Natuur- en Bosonderzoek (INBO)},
series = {Rapporten van het Instituut voor Natuur- en Bosonderzoek},
title = {{Ontwikkeling van criteria voor de beoordeling van de lokale staat van instandhouding van de Natura 2000 habitattypen: versie 2.0}},
year = {2009}
}
@book{VanRyckegem2018,
address = {Brussel},
author = {{Van Ryckegem}, Gunther and {Van Braeckel}, Alexander and Elsen, Ruben and Speybroeck, Jeroen and Vandevoorde, Bart and Mertens, Wim and Breine, Jan and Spanoghe, Geert and Bezdenjesnji, Olja and Buerms, Dimitri and {De Beukelaer}, Joram and {De Regge}, Nico and Hessel, Kenny and Lefranc, Charles and Soors, Jan and Terrie, Thomas and {Van Lierop}, Frederic and {Van den Bergh}, Erika},
doi = {10.21436/inbor.15000892},
number = {74},
publisher = {Instituut voor Natuur- en Bosonderzoek (INBO)},
series = {Rapporten van het Instituut voor Natuur en Bosonderzoek},
title = {{MONEOS - Ge{\"{i}}ntegreerd datarapport INBO: Toestand Zeeschelde 2017: Monitoringsoverzicht en 1ste lijnsrapportage Geomorfologie, diversiteit Habitats en diversiteit Soorten.}},
year = {2018}
}
@book{Westra2014,
address = {Brussel},
author = {Westra, Toon and Oosterlynck, Patrik and Calster, Hans Van and Paelinckx, Desir{\'{e}} and Denys, Luc and Leyssen, An and Packet, Jo and Onkelinx, Thierry and Louette, Gerald and Waterinckx, Martine and Quataert, Paul},
file = {:C$\backslash$:/Users/toon{\_}westra/AppData/Local/Mendeley Ltd./Mendeley Desktop/Downloaded/Westra et al. - 2014 - Monitoring Natura 2000-habitats meetnet habitatkwaliteit.pdf:pdf},
number = {INBO.R.2014.1414229},
publisher = {Instituut voor Natuur- en Bosonderzoek (INBO)},
series = {Rapporten van het Instituut voor Natuur- en Bosonderzoek},
title = {{Monitoring Natura 2000-habitats: meetnet habitatkwaliteit}},
year = {2014}
}
@book{Westra2014bis,
address = {Brussel},
author = {Westra, Toon and Oosterlynck, Patrik and {Van Calster}, Hans and Paelinckx, Desir{\'{e}} and Denys, Luc and Leyssen, An and Packet, Jo and Onkelinx, Thierry and Louette, Gerald and Waterinckx, Martine and Quataert, Paul},
institution = {Instituut voor Natuur- en Bosonderzoek},
keywords = {bmkTOE{\_}N2000},
mendeley-tags = {bmkTOE{\_}N2000},
number = {INBO.R.2014.1414229},
pages = {77},
publisher = {Instituut voor Natuur- en Bosonderzoek},
series = {Rapporten van het Instituut voor Natuur- en Bosonderzoek},
title = {{Monitoring Natura 2000 - habitats: Meetnet habitatkwaliteit}},
year = {2014}
}
@book{Wouters2008c,
abstract = {Volgens Art. 41quater van het Vlaamse Bosdecreet uit 1990 (Vlaamse Regering, 1990) moet het ‘Vlaamse bosbeheer' (i.e. het Agentschap voor Natuur en Bos, ANB) met een tussenperiode van maximaal tien jaar een steekproefsgewijze inventaris uitvoeren in de Vlaamse bossen. Met als doel ‘het bosbeleid te ondersteunen op het vlak van de bosbescherming, de bosuitbreiding en het bosbeheer'. En nog volgens het Bosdecreet moet de inventaris betrekking hebben ‘op de kwantitatieve en kwalitatieve aspecten van het natuurlijk milieu in de bossen'. Tijdens de periode 1997 – 1999 heeft de toenmalige Afdeling Bos {\&} Groen (nu: ANB) het veld- werk uitgevoerd voor de eerste regionale bosinventarisatie van het Vlaamse Gewest. Op basis van deze gegevensinzameling werd in 2001 een lijvig rapport uitgebracht (Waterinckx {\&} Roelandt, 2001). In dit rapport kwam enerzijds een bespreking van het meetnetontwerp aan bod. Anderzijds werden de dendrometrische en vegetatie gegevens uitgebreid besproken door middel van tabellen en grafieken. In voorbereiding op de tweede Vlaamse bosinventaris (= VBI) schreef het ANB in 2004 een be- stek uit voor het evalueren van de eerste VBI en het uitwerken van een steekproefschema voor de tweede VBI. Dit project met een looptijd van twee jaar (april 2006 t.e.m. maart 2008) werd toegekend aan het Instituut voor Natuur- en Bosonderzoek (INBO) i.s.m. het Laboratorium voor Bosbouw van de vakgroep Bos- en Waterbeheer van de Universiteit Gent. De opdracht werd opgedeeld in twee luiken. In een eerste fase werden de doelen en de moge- lijkheden van een regionale / nationale bosinventarisatie verder ge{\"{e}}xpliciteerd. Want binnen het ANB leefde het gevoel dat de resultaten van de eerste VBI onvoldoende werden gebruikt en men wou achterhalen waarom dat zo was. Op basis van deze analyse is in een tweede fase een concreet ontwerp gemaakt voor de tweede VBI. Hierbij lag de focus in eerste instantie op het prioriteren en expliciteren van de beleidsvra- gen. Op basis daarvan werd het steekproefontwerp en de variabelenkeuze uitgewerkt. In een volgende stap is een voorafspiegeling gemaakt van de gegevensverwerking en is een plan opge- steld voor de rapportage en communicatie. Tot slot zijn aanbevelingen geformuleerd voor de laatste voorbereidingen op en implementatie van het meetnet. Bij dit alles lag de nadruk op de kwaliteitszorg en het documenteren van de genomen beslissingen. De eerste opdracht van de studie was dus het aflijnen van de doelstellingen en mogelijkheden van een nationale bosinventarisatie. Samenvattend kunnen we stellen dat de VBI een meetnet is in een strategische context. We zijn in eerste instantie ge{\"{i}}nteresseerd in de toestand van be- paalde kenmerken over de ganse doelpopulatie en bepaalde strata (bv. bostypegroepen) ervan. De cijfers dienen om de beleidswerking van het ANB te ondersteunen. Zo kan het meetnet ons vertellen in hoeverre het generieke Vlaamse bosbeleid (een pakket van beleid- en beheermaat- regelen) een impact heeft op bepaalde kenmerken van het bos op schaalniveau Vlaanderen. Daarnaast worden de meetnetgegevens gebruikt om te voldoen aan internationale rapporte- ringsverplichtingen. Tot slot kunnen de resultaten ook dienen als referentiekader voor het Vlaamse bosbeheer en bosonderzoek. Inhoudelijk ligt de focus van het meetnet op zes duidelijk omschreven prioritaire beleidsvragen. Deze hebben betrekking op de volgende thema's: (1) de karakteristieken van het bosareaal; (2) de boomsoortensamenstelling; (3) de bestandsopbouw; (4) enkele algemene indicatoren voor biodiversiteit; (5) de samenstelling van de bosvegetatie onder invloed van milieuveranderingen en (6) het duurzaam bosbeheer en –gebruik. Om deze vragen optimaal te kunnen beantwoorden zijn enkele belangrijke aanpassingen aan het steekproefontwerp, de variabelenkeuze en de bemonsteringsmethodiek doorgevoerd: (1) de overschakeling van een periodieke (om de tien jaar een korte meetcampagne) naar een conti- nue inventaris (ieder jaar wordt 1/10 e van de steekproefpopulatie bemonsterd); (2) het inventa- riseren van de vegetatie op een grid van 1km x 0.5km; (3) de beslissing om steekproefpunten niet meer te verschuiven en het gebruik van de area decisoin method voor steekproefpunten die in grens- of overgangszones vallen; (4) het niet opnieuw inzamelen van bodemstalen; (5) het bemonsteren van liggend dood hout via line intersect sampling en (6) het gebruik van Field-Map voor het inzamelen van de meetgegevens. Tot slot vermelden we nog dat de methode die werd gebruikt tijdens het evalueren van de eer- ste VBI en het ontwerpen van de tweede VBI is ontstaan in synergie met de methode zoals voorgesteld in de leidraad ‘Het ontwerpen van beleidsgerichte meetnetten voor het milieu- en natuurbeleid', eveneens een INBO-publicatie (Wouters et al., 2008).},
address = {Brussel},
author = {Wouters, Jasper and Quataert, Paul and Onkelinx, Thierry and Bauwens, Dirk},
keywords = {ADJUSTMENT,ARTICLE,Biodiversity,Bosinventarisatie,DESIGN,Data collection,Data processing,Dead wood,EXTENSION,Environment,Evaluation,Flanders,Forest,Forest inventories,Forest inventory,Forest management,Forest types,Forests,IMPACT,bmkADM{\_}PublicatiesDoorBMK,bmkCTX{\_}BeleidsgerichteMeetnetten,bmkOntwerpMeetnetten,bmkPublicaties},
mendeley-tags = {bmkADM{\_}PublicatiesDoorBMK,bmkCTX{\_}BeleidsgerichteMeetnetten},
number = {INBO.R.2008.17},
publisher = {Instituut voor Natuur en Bosonderzoek (INBO)},
series = {Rapporten van het Instituut voor Natuur- en Bosonderzoek},
title = {{Ontwerp en handleiding voor de tweede regionale bosinventarisatie van het Vlaamse Gewest}},
year = {2008}
}
